@article{Easter2004,
  title={MIRAGE: Model description and evaluation of aerosols and trace gases},
  author={Easter, Richard C and Ghan, Steven J and Zhang, Yang and Saylor, Rick D and Chapman, Elaine G and Laulainen, Nels S and Abdul-Razzak, Hayder and Leung, L Ruby and Bian, Xindi and Zaveri, Rahul A},
  journal={Journal of Geophysical Research: Atmospheres},
  volume={109},
  number={D20},
  year={2004},
  publisher={Wiley Online Library}
}

@book{Friedlander1977,
  title={Smoke, Dust and Haze: Fundamentals of Aerosol Behavior},
  author={Friedlander, Sheldon Kay},
  publisher={New York, Wiley-Interscience},
  year={1977},
  pages={333}
}

@book{LambVerlinde,
  title={Physics and Chemistry of Clouds},
  author={Lamb, Dennis and Verlinde, Johannes},
  publisher={Cambridge University Press},
  year={2011},
  pages={584}
}

@book{PruppacherKlett,
  title={Microphysics of Clouds and Precipitation},
  author={Pruppacher, H.R. and Klett, J.D.},
  publisher={Springer},
  edition={2nd},
  year={2010},
  pages={954}
}

@techreport{Whitby1991,
  title={Modal Aerosol Dynamics Modeling},
  author={Whitby, Evan Ross and McMurry, PH and Shankar, U and Binkowski, FS},
  year={1991},
  institution={Computer Sciences Corp., Research Triangle Park, NC (USA)}
}

@article{Wilson2001,
  title={A modeling study of global mixed aerosol fields},
  author={Wilson, Julian and Cuvelier, Cornelius and Raes, Frank},
  journal={Journal of Geophysical Research},
  volume={106},
  number={D24},
  pages={34081--34108},
  year={2001}
}

@article{Whitby1981,
  title={Determination of aerosol growth rates in the atmosphere using lumped mode aerosol dynamics},
  author={Whitby, Kenneth T.},
  year={1981},
  journal={Journal of Aerosol Science},
  volume={12},
  number={3},
  pages={173--178},
  doi={10.1016/0021-8502(81)90072-3}
}

@article{Srivastava1967,
 title={A study of the effect of precipitation on cumulus dynamics},
 journal={Journal of the Atmospheric Sciences},
 author={Srivastava, R. C.},
 year={1967},
 volume={24},
 pages={36--45}
}

@article{Taylor2020,
  title={An energy-consistent discretization of the nonhydrostatic equations in primitive variables},
  journal={Journal of Advances in Modeling Earth Systems},
  volume={12},
  year={2020},
  doi={10.1029/2019MS001783},
  author={Taylor, Mark A. and Guba, O. and Steyer, Andrew and Ullrich, Paul A. and Hall, David M. and Eldred, Christopher}
}

@article{KlempWilhelmson1978,
  title={The simulation of three-dimensional convective storm dynamics},
  author={Klemp, Joseph B. and Willhelmson, Robert B.},
  journal={Journal of the Atmospheric Sciences},
  volume={35},
  year={1978},
  pages={1070--1096}
}

@article{Hashimoto2005,
  title={Characteristics of the averaged vertical profiles of hydrometeors in the Baiu season simulated with a non-hydrostatic regional climate model},
  author={Hashimoto, A. and et. al.},
  journal={SOLA},
  volume={1},
  pages={141--144},
  year={2005},
  doi={10.2151/sola.2005-037}
}

@article{Palchetti2008,
  title={Measurement of the water vapour vertical profile and of the Earth's outgoing far infrared flux},
  author={Palchetti, L. and Bianchini, G. and Carli, B. and Cortesi, U. and Del Bianco, S.},
  journal={Atmospheric Physics and Chemistry},
  volume={8},
  year={2008},
  pages={2885--2894}
}

@book{RogersYau,
 title={A Short Course in Cloud Physics},
 author={Rogers, R. R. and Yau, M. K.},
 edition={3rd},
 publisher={Butterworth-Heinemann},
 year={1996}
}

@article{SoongOgura1973,
  title={A comparison between axisymmetric and slab-symmetric cumulus cloud models},
  author={Soong, Su-Tzai and Ogura, Yoshimitsu},
  journal={Journal of the Atmospheric Sciences},
  volume={30},
  year={1973},
  pages={879--893}
}

@book{DahlquistBjork,
  title={Numerical Methods},
  author={Dahlquist, Germund and \AAke Bj\"ork},
  year={1974},
  publisher={Dover, Mineola NY}
}

% Nucleation references

@Article{liu-2012-gmd,
  AUTHOR = {Liu, X. and Easter, R. C. and Ghan, S. J. and Zaveri, R. and Rasch, P. and Shi, X. and Lamarque, J.-F. and Gettelman, A. and Morrison, H. and Vitt, F. and Conley, A. and Park, S. and Neale, R. and Hannay, C. and Ekman, A. M. L. and Hess, P. and Mahowald, N. and Collins, W. and Iacono, M. J. and Bretherton, C. S. and Flanner, M. G. and Mitchell, D.},
  TITLE = {Toward a minimal representation of aerosols in climate models: description and evaluation in the Community Atmosphere Model CAM5},
  JOURNAL = {Geoscientific Model Development},
  VOLUME = {5},
  YEAR = {2012},
  NUMBER = {3},
  PAGES = {709--739},
  URL = {https://www.geosci-model-dev.net/5/709/2012/},
  DOI = {10.5194/gmd-5-709-2012}
}

@book{seinfeld-2006-acp,
  title={Atmospheric chemistry and physics: from air pollution to climate change},
  author={Seinfeld, John H and Pandis, Spyros N},
  year={2006},
  publisher={John Wiley \& Sons}
}

@article{vehkamaki-2002-jgr,
  author = {Vehkamäki, H. and Kulmala, M. and Napari, I. and Lehtinen, K. E. J. and Timmreck, C. and Noppel, M. and Laaksonen, A.},
  title = {An improved parameterization for sulfuric acid–water nucleation rates for tropospheric and stratospheric conditions},
  journal = {Journal of Geophysical Research: Atmospheres},
  volume = {107},
  number = {D22},
  pages = {AAC 3-1-AAC 3-10},
  doi = {10.1029/2002JD002184},
  year = {2002}
}

@article{kerminen-2002-jas,
  title={Analytical formulae connecting the “real” and the “apparent” nucleation rate and the nuclei number concentration for atmospheric nucleation events},
  author={Kerminen, Veli-Matti and Kulmala, Markku},
  journal={Journal of Aerosol Science},
  volume={33},
  number={4},
  pages={609--622},
  year={2002}
}

@Article{wang-2009-acp,
  AUTHOR = {Wang, M. and Penner, J. E.},
  TITLE = {Aerosol indirect forcing in a global model with particle nucleation},
  JOURNAL = {Atmospheric Chemistry and Physics},
  VOLUME = {9},
  YEAR = {2009},
  NUMBER = {1},
  PAGES = {239--260},
  URL = {https://www.atmos-chem-phys.net/9/239/2009/},
  DOI = {10.5194/acp-9-239-2009}
}

@Article{sihto-2006-acp,
  AUTHOR = {Sihto, S.-L. and Kulmala, M. and Kerminen, V.-M. and Dal Maso, M. and Pet\"aj\"a, T. and Riipinen, I. and Korhonen, H. and Arnold, F. and Janson, R. and Boy, M. and Laaksonen, A. and Lehtinen, K. E. J.},
  TITLE = {Atmospheric sulphuric acid and aerosol formation: implications from atmospheric measurements for nucleation and early growth mechanisms},
  JOURNAL = {Atmospheric Chemistry and Physics},
  VOLUME = {6},
  YEAR = {2006},
  NUMBER = {12},
  PAGES = {4079--4091},
  URL = {https://www.atmos-chem-phys.net/6/4079/2006/},
  DOI = {10.5194/acp-6-4079-2006}
}

@article{merikanto-2007-jgr,
author = {Merikanto, J. and Napari, I. and Vehkamäki, H. and Anttila, T. and Kulmala, M.},
title = {New parameterization of sulfuric acid-ammonia-water ternary nucleation rates at tropospheric conditions},
journal = {Journal of Geophysical Research: Atmospheres},
volume = {112},
number = {D15},
pages = {},
doi = {10.1029/2006JD007977},
year = {2007}
}
